@Inbook{Alawadhi2012,
author="AlaAldama%wadhi, Suha
and -Nalda, Armando
and Chourabi, Hafedh
and Gil-Garcia, J. Ramon
and Leung, Sofia
and Mellouli, Sehl
and Nam, Taewoo
and Pardo, Theresa A.
and Scholl, Hans J.
and Walker, Shawn",
editor="Scholl, Hans J.
and Janssen, Marijn
and Wimmer, Maria A.
and Moe, Carl Erik
and Flak, Leif Skiftenes",
title="Building Understanding of Smart City Initiatives",
year="2012",
publisher="Springer Berlin Heidelberg",
address="Berlin, Heidelberg",
}
